@article{ref1,
  author={Author Author and Another Person},
  title={Article title},
  journal={Journal},
  year={2030},
  volume={14},
  number={14},
  pages={33-38}
}

